%% This BibTeX bibliography file was created using BibDesk.
%% https://bibdesk.sourceforge.io/

%% Created for Ismaila Ba at 2019-05-24 19:24:27 -0400 


%% Saved with string encoding Unicode (UTF-8) 



@book{baddeley2015spatial,
	Author = {Baddeley, Adrian and Rubak, Ege and Turner, Rolf},
	Date-Added = {2019-05-24 23:22:40 +0000},
	Date-Modified = {2019-05-24 23:24:19 +0000},
	Keywords = {baddeley2015spatial},
	Title = {Spatial point patterns: methodology and applications with R},
	Year = {2015}}

@article{daniel2018penalized,
	Author = {Daniel, Jeffrey and Horrocks, Julie and Umphrey, Gary J},
	Date-Added = {2019-05-24 17:36:58 +0000},
	Date-Modified = {2019-05-24 17:38:59 +0000},
	Journal = {Computational Statistics \& Data Analysis},
	Keywords = {daniel2018penalized},
	Pages = {104--116},
	Title = {Penalized composite likelihoods for inhomogeneous Gibbs point process models},
	Volume = {124},
	Year = {2018}}

@article{choiruddin2018convex,
	Author = {Choiruddin, Achmad and Coeurjolly, Jean-Fran{\c{c}}ois and Letue, Fr{\'e}d{\'e}rique and others},
	Date-Added = {2019-05-23 13:56:42 +0000},
	Date-Modified = {2019-05-23 13:59:38 +0000},
	Journal = {Electronic journal of statistics},
	Keywords = {choiruddin2018convex},
	Number = {1},
	Pages = {1210--1255},
	Title = {Convex and non-convex regularization methods for spatial point processes intensity estimation},
	Volume = {12},
	Year = {2018}}

@article{baddeley2000practical,
	Author = {Baddeley, Adrian and Turner, R.},
	Date-Added = {2019-05-23 13:31:57 +0000},
	Date-Modified = {2019-05-23 14:01:11 +0000},
	Journal = {Aust. N. Z. J. Stat},
	Keywords = {baddeley2000practical},
	Number = {3},
	Pages = {283--322},
	Title = {practical maximum pseudolikelihood for spatial point patterns},
	Volume = {42},
	Year = {2000}}
